@incollection{invention,
  title={The invention of the transistor},
  author={Riordan, Michael and Hoddeson, Lillian and Herring, Conyers},
  booktitle={More Things in Heaven and Earth},
  pages={563--578},
  year={1999},
  publisher={Springer}
}
@misc{jackson,
  title={Classical electrodynamics},
  author={Jackson, John David},
  year={1999},
  publisher={American Association of Physics Teachers}
}
@book{malvino,
  title={Electronic principles},
  author={Malvino, Albert Paul and Bates, David J and Hoppe, Patrick E},
  year={1993},
  publisher={Glencoe}
}
